@article{ SobelClarkson02,
    author = {Ann E. Kelley Sobel and Michael R. Clarkson},
    title  = {Formal Methods Application: An Empirical Tale of Software Development},
    journal = {{IEEE} Transactions on Software Engineering},
    volume = 28,
    number = 3,
    year = {Mar 2002},
}


@article{ Hoare69,
    author = {C.A.R. Hoare},
    title = {An Axiomatic Basis for Computer Programming},
    journal = {Communications of the ACM},
    volume = 12,
    number = 10,
    year = 1969,
    pages = {576--583},
}


@Article{Moggi95,
  author =       "E. Moggi",
  title =        "A Semantics for Evaluation Logic",
  journal =      "Fund.\ Inform.",
  volume =       "22",
  year =         "1995",
  pages = "117--152",
}

@article{ Moggi91,
    author = {Eugenio Moggi},
    title = {Notions of computation and monads},
    year  = 1991,
    journal = {Information and Computation},
    volume = 93,
    number = 1
}


@article{ MuellerNipkowOheimbSlotosch,
    author = {Olaf M{\"u}ller and Tobias Nipkow and David von Oheimb and
              Oscar Slotosch},
    title  = {{HOLCF} = {HOL} + {LCF}},
    journal = {J. Functional Programming},
    number  = 1,
    volume  = 1,
    year    = 1998,
    publisher = {Cambridge University Press}
}


@article{ Paulson89,
    author = {Lawrence C. Paulson},
    title = {The foundation of a generic theorem prover},
    journal = {J. Automated Reasoning},
    volume = 5,
    year = 1989,
    pages = {363-397},
}

@article{ SchroederMossakowski:PDL,
    author = {Lutz Schr{\"o}der and Till Mossakowski},
    title  = {Monad-independent dynamic logic in \textsc{HasCASL}},
    journal = {Journal of Logic and Computation},
    volume = 14,
    number = 4,
    year = 2004,
    pages = {571--619}
}



@article{ Wadler97,
    author = {Philip Wadler},
    title = {How to declare an imperative},
    journal = {ACM Computing Surveys},
    volume = 29,
    number = 3,
    pages = {240--263},
    year = 1997,
    month = Sep,
}



@Book{Fowler04,
  author = 	 {Martin Fowler},
  title = 	 {{UML} Distilled},
  publisher = 	 {Addison-Wesley},
  year = 	 {2004},
  series =	 {Object technology},
  edition =	 {3rd},
}

@book{ Haskell98,
  editor = {Simon P. Jones},
  year   = {Apr 2003},
  title  = {Haskell~98 Language and Libraries: The Revised Report},
  publisher = {Cambridge University Press}
}

@book{ Pierce91,
  author = {Benjamin C. Pierce},
  title = {Basic Category Theory for Computer Scientists},
  year = {1991},
  publisher = {MIT Press},
  series = {Foundations of Computing}
}



@Book{ JoySteeleGoslingBracha00,
  author =    "B. Joy and G. Steele and J. Gosling and G. Bracha",
  title  =    "The {Java} Language Specification",
  publisher = "Addison-Wesley",
  year =      "2000"
}


@book{ Reynolds98,
    author = {Reynolds, John C.},
    title  = {Theories of Programming Languages},
    publisher = {Cambridge University Press},
    addess = {Cambridge, United Kingdom},
    year   = 1998
}

@book{ Winskel93,
    author = {Winskel, Glynn},
    title  = {The Formal Semantics of Programming Languages -- An Introduction},
    publisher = {The MIT Press},
    address = {Cambridge, Massachusetts},
    year = 1993    
}


@book{ Andrews00,
    author = {Andrews, Peter B.},
    title = {An Introduction to Mathematical Logic: To Truth Through Proof},
    publisher = {Kluwer Academic Publishers},
    series = {Applied Logic Series},
    number = 27,
    year = 2002
}


@BOOK{ MacLane98,
    author = {Saunders MacLane},
    title  = {Categories for the Working Mathematician},
    publisher = {Springer-Verlag},
    year   = 1998
}

@book{ BlackburnDeRijkeVenema01,
    author = {Blackburn, Patrick and {de Rijke}, Maarten and Venema, Yde},
    title = {Modal Logic},
    publisher = {Cambridge University Press},
    series = {Cambridge Tracts in Theoretical Computer Science},
    number = 53,
    year = 2001
}


@book{ RussellNorvig,
    author = {Russell, Stuart and Norvig, Peter},
    title = {Artificial Intelligence -- A Modern Approach},
    publisher = {Pearson Education, Inc.},
    series = {Prentice Hall Series in Artificial Intelligence},
    year = 2003,
    edition = {2nd}
}


@book{ Hudak00,
    author = {Paul Hudak},
    title = {The Haskell School of Expression},
    publisher = {Cambridge University Press},
    year = 2000,
}


@Book{IsabelleHOL,
    author      = {Tobias Nipkow and Lawrence C. Paulson and Markus Wenzel},
    title       = {Isabelle/HOL --- A Proof Assistant for Higher-Order Logic},
    publisher   = {Springer},
    series      = {LNCS},
    volume      = 2283,
    year        = 2002
}



@incollection{Fitting93,
 author = {Melvin Fitting},
 title = {Basic modal logic},
 booktitle = {Handbook of logic in artificial intelligence and logic programming},
 volume = {1},
 year = {1993},
 isbn = {0-19-853745-X},
 pages = {368--448},
 publisher = {Oxford University Press, Inc.},
 address = {New York, NY, USA},
 }


@incollection{ HarelKozen02,
    author = {D. Harel and D. Kozen and J. Tiuryn},
    title  = {Dynamic Logic},
    booktitle = {Handbook of Philosophical Logic, 2nd ed.},
    volume = {4},
    year   = 2002,
    publisher = {Kluwer Academic Publishers, Dordrecht},
}

@incollection{ Barendregt92,
    author = "Henk Barendregt",
    title = "Lambda Calculi with Types",
    booktitle = "Handbook of Logic in Computer Science",
    publisher = {Clarendon},
    volume = "2",
    year = "1992",
    url = "citeseer.ist.psu.edu/barendregt92lambda.html" 
}

@InCollection{Pitts95,
    author = {Andrew M. Pitts},
    title  = {Categorical Logic},
    booktitle = {Handbook of Logic in Computer Science},
    volume = {VI},
    publisher = {Oxford University Press},
    year   = {May 1995}
}


@inproceedings{ KuhnChandramouliButler02,
    author = {Richard Kuhn and Ramaswamy Chandramouli and Ricky Butler},
    title = {Cost Effective Use of Formal Methods in Verification and Validation},
    booktitle = { Foundations 02 Workshop on Verification \& Validation},
    publisher = {Columbia, MD},
    year = {Oct 2002},
}

@INPROCEEDINGS{ JonesWadler93,
    author = {Simon Peyton Jones and Philip Wadler},
    title = {Imperative functional programming},
    publisher = {ACM Press},
    year = {Jan 1993},
    booktitle = {20th Symposium on Principles of Programming Languages}
}


@inproceedings{MartinNipkow90, 
  author="Ursula Martin and Tobias Nipkow",
  title="Ordered Rewriting and Confluence", 
  booktitle="Proc.\ 10th Int.\ Conf.\ Automated Deduction", 
  editor="M.E. Stickel",
  year=1990,
  publisher= "Springer",
  series= "LNCS",
  volume=449,
  pages="366--380"
}

@INPROCEEDINGS{ Pitts91,
    AUTHOR={A.~M.~Pitts},
    TITLE={Evaluation Logic},
    BOOKTITLE={IVth Higher Order Workshop, {Banff} 1990},
    SERIES={Workshops in Computing},
    EDITOR={G.~Birtwistle},
    PUBLISHER={Springer-Verlag, Berlin},
    YEAR=1991,
    PAGES={162--189},
}


@inproceedings{ ClaessenHughes,
    author = {Koen Claessen and John Hughes},
    title = {{QuickCheck}: A lightweight tool for random testing of {Haskell} programs},
    address = {Montreal, Canada},
    year = 2000,
    series = {ICFP}
}

@inproceedings{ MJones95,
    author = {Mark P. Jones},
    title  = {Functional Programming with Overloading and Higher-Order Polymorphism},
    publisher = {Springer-Verlag},
    series = {LNCS},
    number = 925,
    year = 1995,
    booktitle = {First International Spring School on Advanced 
                 Functional Programming Techniques}
}



@InProceedings{ Nipkow03,
  author = 	 {Tobias Nipkow},
  title = 	 {Structured Proofs in {Isar/HOL}},
  booktitle = {Types for Proofs and Programs {(TYPES 2002)}},
  pages = 	 {259-278},
  year = 	 {2003},
  volume = 	 {2646},
  series = 	 {LNCS},
  publisher = {Springer-Verlag},
}

    
@inproceedings{ BauerWenzel01,
    author = {Gertrud Bauer and Markus Wenzel},
    title = {Calculational reasoning revisited -- and {Isabelle/Isar} experience},
    publisher = {Springer-Verlag},
    year = 2001,
    series = {LNCS},
    number = 2152,
    booktitle = {Theorem Proving in Higher Order Logics}
}


@inproceedings{ Nipkow02,
    author = {Tobias Nipkow},
    title  = {{Hoare} Logics in {Isabelle/HOL}},
    booktitle = {Proof and System-Reliability},
    publisher = {Kluwer},
    year = 2002
}


@inproceedings{ SchroederMossakowski:Hoare,
    author = {Schr{\"o}der, Lutz and Mossakowski, Till},
    editor = {Mauro Pezze},
    title = {Monad-independent {Hoare} logic in \textsc{HasCASL}},
    booktitle = {Fundamental Approaches to Software Engineering (FASE 2003)},
    volume = 2621,
    pages = {261--277},
    series = {Lecture Notes in Computer Science},
    year = 2003,
    publisher = {Springer, Berlin}
}


@inproceedings{ SchroederMossakowski:Java,
    author = {Lutz Schr{\"o}der and Till Mossakowski},
    title = {Generic exception handling and the Java monad},
    booktitle = {Algebraic Methodology and Software Technology},
    volume = 3116,
    pages = {443-459},
    series = {LNCS},
    year = 2004
}




@inproceedings{ HuismanJacobs00,
    author = {Huisman, Marieke and Jacobs, Bart},
    editor = {T. Maibaum},
    title = {Java Program Verification via a {Hoare} Logic with Abrupt Termination},
    booktitle = {Fundamental Approaches to Software Engineering (FASE 2000)},
    volume = 1783,
    pages = {284--303},
    series = {LNCS},
    year = 2000,
    publisher = {Springer-Verlag},
}

@inproceedings{ JacobsPoll00,
    author = {B. Jacobs and E. Poll},
    title  = {A Monad for Basic {Java} Semantics},
    editor = {T. Rus},
    booktitle = {Algebraic Methodology and Software Technology (AMAST'00)},
    volume = 1816,
    pages  = {150-164},
    year   = 2000,
    series = {LNCS},
    publisher = {Springer-Verlag}
}



@Manual{IsaRef04,
  title = 	 {The Isabelle Reference Manual},
  author =	 {Lawrence C. Paulson},
  note =	 {Available at \url{http://isabelle.in.tum.de/doc/ref.pdf}},
  year =         {2004}
}

@misc{ Plotkin81,
    author = {Gordon Plotkin},
    title  = {A Structural Approach to Operational Semantics},
    year   = 1981,
    note   = {The Aarhus notes. 
              Available at {\url{http://homepages.inf.ed.ac.uk/gdp/publications/SOS.ps}}}
}

@misc{ SchroederMossakowskiMaeder:HasCASL,
    author = {Schr{\"o}der, Lutz and Mossakowski, Till and Maeder, Christian},
    title = {\textsc{HasCASL} -- Integrated functional specification and programming. 
             Language summary},
    year = 2003,
    note = {Available at {\url{http://www.informatik.uni-bremen.de/agbkb/forschung/formal_methods/CoFI/HasCASL/hascasl_summary.pdf}}}
}


@InProceedings{WalterEA05,
  author = {Dennis Walter and Lutz Schr{\"o}der and Till Mossakowski},
  title = {Parametrized Exceptions},
  year = {2005},
  editor = {Jose Fiadeiro and Jan Rutten},
  booktitle = {Algebra and Coalgebra in Computer Science},
  publisher = {Springer; Berlin},
  series = {Lecture Notes in Computer Science},
  note = {To appear},
  status = {Reviewed}
}

@techreport{HuttonMeijer96,
        author = "Graham Hutton and Erik Meijer",
        title = "{Monadic Parser Combinators}",
        institution = "Department of Computer Science,
                        University of Nottingham",
        type = "Technical Report",
        number = "NOTTCS-TR-96-4",
        year = 1996
}


@PhdThesis{Wenzel02,
  author = 	 {Markus Wenzel},
  title = 	 {{Isabelle/Isar} - a versatile environment for human-readable formal proof documents},
  school = 	 {TU M{\"u}nchen},
  year = 	 {2002},
}




@PhdThesis{Simpson94,
  author = 	 {Alex K. Simpson},
  title = 	 {The Proof Theory and Semantics of Intuitionistic Modal Logic},
  school = 	 {University of Edinburgh},
  year = 	 {1994},
}

